[gd_scene load_steps=5 format=3 uid="uid://bcnkaijuaegmc"]

[ext_resource type="Script" path="res://gs_game_work/work_sound.gd" id="1_5sn2e"]
[ext_resource type="AudioStream" uid="uid://pchx3udw0k67" path="res://gs_game_work/sound1.wav" id="1_t1gij"]
[ext_resource type="AudioStream" uid="uid://bj0a1p7rniy6h" path="res://gs_game_work/sound2.wav" id="2_uw8wf"]
[ext_resource type="AudioStream" uid="uid://ye6mc3py3v7x" path="res://gs_game_work/sound3.ogg" id="4_qvglh"]

[node name="WorkSound" type="Node"]
script = ExtResource("1_5sn2e")

[node name="Sounds" type="Node2D" parent="."]

[node name="Sound1" type="AudioStreamPlayer" parent="Sounds"]
stream = ExtResource("1_t1gij")

[node name="Sound2" type="AudioStreamPlayer" parent="Sounds"]
stream = ExtResource("2_uw8wf")

[node name="Sound3" type="AudioStreamPlayer" parent="Sounds"]
stream = ExtResource("4_qvglh")

[node name="Container" type="Node" parent="."]

[node name="VBoxContainer" type="VBoxContainer" parent="Container"]
anchors_preset = 8
anchor_left = 0.5
anchor_top = 0.5
anchor_right = 0.5
anchor_bottom = 0.5
offset_left = -67.5
offset_top = -50.5
offset_right = 67.5
offset_bottom = 50.5
grow_horizontal = 2
grow_vertical = 2

[node name="Sound1" type="Button" parent="Container/VBoxContainer"]
layout_mode = 2
text = "SOUND1"

[node name="Sound2" type="Button" parent="Container/VBoxContainer"]
layout_mode = 2
text = "SOUND2"

[node name="Sound3" type="Button" parent="Container/VBoxContainer"]
layout_mode = 2
text = "SOUND3"
